@misc{EclipseOrgEMF,
	author = "{The Eclipse Foundation}",
	title  = "{E}clipse {M}odeling {F}ramework {P}roject",
	url    = "http://www.eclipse.org/modeling/emf/",
	note   = "(elérve: 2012.05.18.)",
}

@misc{EclipseOrgIncQuery,
	author = {The Eclipse Foundation},
	title  = "{EMF-IncQuery} - {H}igh performance graph search for {EMF} models",
	url    = "http://eclipse.org/incquery/",
	note   = "(elérve: 2013.04.22.)",
}

@misc{EclipseOrgModeling,
	author = "{The Eclipse Foundation}",
	title = "{E}clipse {M}odeling {P}roject",
	url = "http://www.eclipse.org/modeling/",
	note = "(elérve: 2013.12.01.)",
}

@misc{EMFFundamentals,
	author = "Steinberg, Dave",
	title  = "{F}undamentals of the {E}clipse {M}odeling {F}ramework",
	url    = "http://www.eclipse.org/modeling/emf/docs/presentations/EclipseWorld/EclipseWorld2007.pdf",
	note   = "(elérve: 2013.12.14.)",
}

@misc{MasteringEMF,
	author = "Bacvanski, Vladimir and Graff, Petter",
	title  = "{M}astering {E}clipse {M}odeling {F}ramework",
	url    = "http://www.eclipsecon.org/2005/presentations/EclipseCon2005_Tutorial28.pdf",
	note   = "(elérve: 2013.12.14.)",
}

@collection{dict:Model,
	title = "{T}he {A}merican {H}eritage® {D}ictionary of the {E}nglish {L}anguage, {F}ourth {E}dition",
	year = 2009,
	url  = "http://www.thefreedictionary.com/model",
	note = "(elérve: 2013.12.11.)",
}

@misc{VogelEMF,
	author = "Vogel, Lars",
	title  = "{E}clipse {M}odeling {F}ramework ({EMF}) -- {T}utorial",
	url    = "http://www.vogella.com/articles/EclipseEMF/article.html",
	note   = "(elérve: 2012.05.18.)",
}

@misc{wiki:Datalog,
	author = {Wikipedia},
	title = "{D}atalog --- {W}ikipedia{,} {T}he {F}ree {E}ncyclopedia",
	url = "http://en.wikipedia.org/w/index.php?title=Datalog&oldid=582405289",
	note = "(elérve: 2013.12.01.)",
}

@misc{wiki:DomainModel,
	author = {Wikipedia},
	title = "{D}omain model --- {W}ikipedia{,} {T}he {F}ree {E}ncyclopedia",
	url = "http://en.wikipedia.org/w/index.php?title=Domain_model&oldid=581436926",
	note = "(elérve: 2013.12.01.)",
}

@misc{wiki:DomainSpecificModeling,
	author = {Wikipedia},
	title = "{D}omain-specific modeling --- {W}ikipedia{,} {T}he {F}ree {E}ncyclopedia",
	url = "http://en.wikipedia.org/w/index.php?title=Domain-specific_modeling&oldid=580092780",
	note = "(elérve: 2013.12.12.)",
}

@misc{wiki:EclipseIDE,
	author = {Wikipedia},
	title = "{E}clipse (software) --- {W}ikipedia{,} {T}he {F}ree {E}ncyclopedia",
	url = "http://en.wikipedia.org/w/index.php?title=Eclipse_(software)&oldid=585984503",
	note = "(elérve: 2013.12.14.)",
}

@misc{wiki:FirstOrderLogic,
	author = {Wikipedia},
	title = "{F}irst-order logic --- {W}ikipedia{,} {T}he {F}ree {E}ncyclopedia",
	url = "http://en.wikipedia.org/w/index.php?title=First-order_logic&oldid=584104336",
	note = "(elérve: 2013.12.09.)",
}

@misc{wiki:HaltingProblem,
	author = {Wikipedia},
	title = "{H}alting problem --- {W}ikipedia{,} {T}he {F}ree {E}ncyclopedia",
	url = "http://en.wikipedia.org/w/index.php?title=Halting_problem&oldid=583593151",
	note = "(elérve: 2013.12.06.)",
}

@misc{wiki:ModelDrivenArchitecture,
	author = {Wikipedia},
	title = "{M}odel-driven architecture --- {W}ikipedia{,} {T}he {F}ree {E}ncyclopedia",
	url = "http://en.wikipedia.org/w/index.php?title=Model-driven_architecture&oldid=580607588",
	note = "(elérve: 2013.12.01.)",
}

@misc{wiki:ModelDrivenEngineering,
	author = {Wikipedia},
	title = "{M}odel-driven engineering --- {W}ikipedia{,} {T}he {F}ree {E}ncyclopedia",
	url = "http://en.wikipedia.org/w/index.php?title=Model-driven_engineering&oldid=581336217",
	note = "(elérve: 2013.12.01.)",
}

@misc{wiki:ModelingLanguage,
	author = {Wikipedia},
	title = "{M}odeling language --- {W}ikipedia{,} {T}he {F}ree {E}ncyclopedia",
	url = "http://en.wikipedia.org/w/index.php?title=Modeling_language&oldid=580385525",
	note = "(elérve: 2013.12.01.)",
}

@misc{wiki:ModelTransformation,
	author = {Wikipedia},
	title = "{M}odel transformation --- {W}ikipedia{,} {T}he {F}ree {E}ncyclopedia",
	url = "http://en.wikipedia.org/w/index.php?title=Model_transformation&oldid=574249545",
	note = "(elérve: 2013.12.01.)",
}

@misc{wiki:PlatformIndependentModel,
	author = {Wikipedia},
	title = "{P}latform-independent model --- {W}ikipedia{,} {T}he {F}ree {E}ncyclopedia",
	url = "http://en.wikipedia.org/w/index.php?title=Platform-independent_model&oldid=572455647",
	note = "(elérve: 2013.12.01.)",
}

@misc{wiki:Prolog,
	author = {Wikipedia},
	title = "{P}rolog --- {W}ikipedia{,} {T}he {F}ree {E}ncyclopedia",
	url = "http://en.wikipedia.org/w/index.php?title=Prolog&oldid=583460167",
	note = "(elérve: 2013.12.09.)",
}

@misc{wiki:Quantification,
	author = {Wikipedia},
	title = "{Q}uantification --- {W}ikipedia{,} {T}he {F}ree {E}ncyclopedia",
	url = "http://en.wikipedia.org/w/index.php?title=Quantification&oldid=577485893#Logic",
	note = "(elérve: 2013.12.08.)",
}

@misc{wiki:QVT,
	author = {Wikipedia},
	title = "{QVT} --- {W}ikipedia{,} {T}he {F}ree {E}ncyclopedia",
	url = "http://en.wikipedia.org/w/index.php?title=QVT&oldid=580617737",
	note = "(elérve: 2013.12.01.)",
}

@misc{wiki:StaticProgramAnalysis,
	author = {Wikipedia},
	title = "{S}tatic program analysis --- {W}ikipedia{,} {T}he {F}ree {E}ncyclopedia",
	url = "http://en.wikipedia.org/w/index.php?title=Static_program_analysis&oldid=575818296",
	note = "(elérve: 2013.12.01.)",
}

@inproceedings{Bergmann-ICMT-2011,
	title = {A Graph Query Language for EMF models},
	booktitle = {Theory and Practice of Model Transformations, Fourth International Conference, ICMT 2011, Zurich, Switzerland, June 27-28, 2011. Proceedings},
	series = {Lecture Notes in Computer Science},
	volume = {6707},
	year = {2011},
	pages = {167-182},
	publisher = {Springer},
	organization = {Springer},
	abstract = {<p>
	While model queries are important components in model-driven tool chains, they are still frequently implemented using traditional programming languages, despite the availability of model query languages due to performance and expressiveness issues.</p>
<p>
	In the current paper, we propose EMF-IncQuery as a novel, graph-based query language for EMF models by adapting the query language of the VIATRA2 model transformation framework to inherit its concise, declarative nature, but to properly tailor the new query language to the modeling specificities of EMF. The EMF-IncQuery language includes (i) structural restrictions for queries imposed by EMF models, (ii) syntactic sugar and notational shorthand in queries, (iii) true semantic extensions which introduce new query features, and (iv) a constraint-based static type checking method to detect violations of EMF-specific type inference rules.</p>
},
	keywords = {IncQuery},
	doi = {10.1007/978-3-642-21732-6_12},
	author = {G{\'a}bor Bergmann and Zolt{\'a}n Ujhelyi and Istv{\'a}n R{\'a}th and Varro Daniel},
	editor = {Jordi Cabot and Eelco Visser}
}

@inproceedings{Bergmann-TOOLS-2012,
	author       = "G{\'a}bor Bergmann and {\'A}bel Heged{\"u}s and {\'A}kos Horv{\'a}th and Zolt{\'a}n Ujhelyi and Istv{\'a}n R{\'a}th and Varro Daniel",
	title = "{Integrating Efficient Model Queries in State-of-the-art EMF Tools}",
	booktitle    = "{TOOLS Europe 2012}",
	year         = 2012,
	month        = {may},
	publisher    = {Springer},
	organization = {Springer},
	address      = {Prague},
	abstract     = {<p>
	Model-driven development tools built on industry standard platforms, such as the Eclipse Modeling Framework (EMF), heavily use model queries in various use cases, such as model transformation, well-formedness constraint validation and domain-specific model execution.</p>
<div>
	As these queries are executed rather frequently in interactive modeling applications, they have a significant impact on the runtime performance of the tool, and also on the end user experience. However, due to their complexity, they can also be time consuming to \&nbsp;implement and optimize on a case-by-case basis. The aim of the EMF-IncQuery framework is to address these shortcomings by using declarative queries over EMF models and executing them effectively using a caching mechanism. In the current paper, we present the new and significantly extended version of the EMF-IncQuery Framework, with new features and runtime extensions that speed up the development and testing of new queries by both IDE and API improvements.</div>
<div>
	We demonstrate how our high performance queries can be easily integrated with other EMF tools using an entirely new case study in which EMF-IncQuery is deeply integrated into the EMF modeling infrastructure to facilitate the incremental evaluation of derived EAttributes and EReferences.</div>
<p>
	\&nbsp;</p>
},
	keywords     = {IncQuery, Viatra},
	doi          = {10.1007/978-3-642-30561-0_1},
	url          = {http://www.springerlink.com/content/b5261x9633801257/},
}

@mastersthesis{Gyorok13,
	author = "Gy{\"o}r{\"o}k, Attila",
	title  = "Gráfminták grafikus ábrázolása",
	school = "Budapesti Műszaki és Gazdaságtudományi Egyetem",
	year   = 2013,
	type   = "Szakdolgozat"
}

@book{Kondorosi07,
	author    = "Kondorosi, K{\'a}roly and {Szirmay-Kalos}, L{\'a}szl{\'o} and L{\'a}szl{\'o}, Zolt{\'a}n",
	title     = "{Objektum orientált szoftverfejlesztés}",
	publisher = "ComputerBooks Kft.",
	year      = 2007,
	url       = "http://www.tankonyvtar.hu/hu/tartalom/tkt/objektum-orientalt/ch03s03.html",
}

@book{MDSD:TEM06,
    author    = "Stahl, Thomas and V{\"o}lter, Markus",
    title     = "Model-Driven Software Development: Technology, Engineering, Management",
    publisher = "Wiley",
    edition   = 1,
    year      = 2006,
    month     = maj,
}

@article{Ceri:1989:YAW:627272.627357,
    author     = {Ceri, S. and Gottlob, G. and Tanca, L.},
    title      = {What You Always Wanted to Know About Datalog (And Never Dared to Ask)},
    journal    = {IEEE Trans. on Knowl. and Data Eng.},
    issue_date = {March 1989},
    volume     = {1},
    number     = {1},
    month      = {mar},
    year       = {1989},
    issn       = {1041-4347},
    pages      = {146--166},
    numpages   = {21},
    url        = {http://dx.doi.org/10.1109/69.43410},
    doi        = {10.1109/69.43410},
    acmid      = {627357},
    publisher  = {IEEE Educational Activities Department},
    address    = {Piscataway, NJ, USA},
    keywords   = {Datalog, database query language, logic programming, optimisation methods, query languages, relational database, relational databases, semantics, syntax},
} 

BOOK{Wettl04,
  author="Ferenc Wettl and Gyula Mayer and Péter Szabó",
  title = "\LaTeX~kézikönyv",
  publisher="Panem Könyvkiadó",
  year=2004,
}

ARTICLE{Candy86,
  author ="James C. Candy",
  title  ="Decimation for Sigma Delta Modulation",
  journal="{IEEE} Trans.\ on Communications",
  volume =34,
  number =1,
  pages  ="72--76",
  month  =jan,
  year   =1986,
}

INPROCEEDINGS{Lee87,
  author =       "Wai L. Lee and Charles G. Sodini",
  title =        "A Topology for Higher Order Interpolative Coders",
  booktitle =    "Proc.\ of the IEEE International Symposium on Circuits and Systems",
  year =         1987,
  vol =          2,
  month =        may # "~4--7",
  address =      "Philadelphia, PA, USA",
  pages =        "459--462"
}

PHDTHESIS{KissPhD,
  author =   "Peter Kiss",
  title =    "Adaptive Digital Compensation of Analog Circuit Imperfections for Cascaded Delta-Sigma Analog-to-Digital Converters",
  school =   "Technical University of Timi\c{s}oara, Romania",
  month =    apr,
  year =     2000
}

MANUAL{Schreier00,
  author = "Richard Schreier",
  title  = "The Delta-Sigma Toolbox v5.2",
  organization = "Oregon State University",
  year   = 2000,
  month  = jan,
  note   ="URL: http://www.mathworks.com/matlabcentral/fileexchange/"
}

MISC{DipPortal,
	author = "Budapesti {M}űszaki és {G}azdaságtudományi {E}gyetem {V}illamosmérnöki és {I}nformatikai {K}ar",
  title = "{D}iplomaterv portál (2011 február 26.)",
  howpublished = "\url{http://diplomaterv.vik.bme.hu/}",
}